@phdthesis{lukashov2019post,
  title={Post-fire debris flows of 9 January 2018, Thomas fire, southern California: initiation areas, precipitation and impacts},
  author={Lukashov, Stefani G and Lancaster, Jeremy T and Oakley, Nina S and Swanson, Brian J},
  year={2019},
  school={Colorado School of Mines. Arthur Lakes Library}
}
@inproceedings{dellow2017landslides,
  title={Landslides Caused by the 14 November 2016 Kaikoura Earthquake, South Island, New Zealand},
  author={Dellow, S and Massey, CI and McColl, ST and Townsend, DB and Villeneuve, M},
  booktitle={Proceedings 20th NZGS Geotechnical Symposium},
  year={2017}
}
@inproceedings{kumar2019scalable,
  title={Scalable and modular material point method for large-scale simulations},
  author={Kumar, Krishna and Salmond, Jeffrey and Kularathna, Shyamini and Wilkes, Christopher and Tjung, Ezra and Biscontin, Giovanna and Soga, Kenichi},
  booktitle={2nd International Conference on the Material Point Method for Modelling Soil–Water–Structure Interaction},
  url={arXiv preprint arXiv:1909.13380},
  year={2019}
}
@misc{USGS2017debris,
    title = {Emergency Assessment of Post-Fire Debris-Flow Hazards},
    author={United States Geological Survey},
    year = {2017},
    howpublished = {\url{https://landslides.usgs.gov/hazards/postfire\_debrisflow/}},
    note = {Accessed: 2021-07-23}
}
@article{Bardenhagen2000,
author = {Bardenhagen, S. G. and Brackbill, J. U. and Sulsky, D.},
journal = {Computer Methods in Applied Mechanics and Engineering},
number = {3-4},
pages = {529--541},
title = {{The material-point method for granular materials}},
volume = {187},
year = {2000}
}
@article{Bardenhagen2004,
author = {Bardenhagen, SG and Kober, EM},
journal = {Computer Modeling in Engineering and Sciences},
number = {6},
pages = {477--496},
title = {{The generalized interpolation material point method}},
url = {http://www.sci.utah.edu/~guilkey/MPMPubs/BardenhagenKober copy.pdf},
volume = {5},
year = {2004}
}
@article{Sulsky1995,
author = {Sulsky, D and Zhou, S.-J. and Schreyer, H L},
journal = {Computer Physics Communications},
number = {1-2},
pages = {236--252},
title = {{Application of a particle-in-cell method to solid mechanics}},
volume = {87},
year = {1995}
}
@article{Sulsky1994,
author = {Sulsky, D. and Chen, Z. and Schreyer, H.L.},
journal = {Computer Methods in Applied Mechanics and Engineering},
number = {1-2},
pages = {179--196},
title = {{A particle method for history-dependent materials}},
volume = {118},
year = {1994}
}

@article{soga2016trends,
  title={Trends in large-deformation analysis of landslide mass movements with particular emphasis on the material point method},
  author={Soga, Kenichi and Alonso, E and Yerro, A and Kumar, K and Bandara, S},
  journal={G{\'e}otechnique},
  volume={66},
  number={3},
  pages={248--273},
  year={2016},
  publisher={Thomas Telford Ltd}
}

@article{mayer2005cognitive,
  title={Cognitive theory of multimedia learning},
  author={Mayer, Richard E},
  journal={The Cambridge handbook of multimedia learning},
  volume={41},
  pages={31--48},
  year={2005}
}

@article{kahneman2012human,
  title={The human side of decision making},
  author={Kahneman, Daniel},
  journal={J Invest Consult},
  volume={13},
  pages={9--14},
  year={2012}
}

@article{kim2020public,
  title={Public risk perception attitude and information-seeking efficacy on floods: a formative study for disaster preparation campaigns and policies},
  author={Kim, Do Kyun David and Madison, T Phillip},
  journal={International Journal of Disaster Risk Science},
  volume={11},
  number={5},
  pages={592--601},
  year={2020},
  publisher={Springer}
}